@incollection{Who15,
  author         = {World Health Organization},
  title          = {World report on ageing and health},
  publisher      = {World Health Organization},
  year           = {2015},
  pages          = {27--28}
}

@article{Kosei04,
  author          = {厚生統計協会},
  title           = {国民衛生の動向・厚生の指標（臨時増刊）},
  journal         = {国民衛生の動向・厚生の指標（臨時増刊）},
  volume          = {51},
  number          = {9},
  year            = {2004},
  pages           = {98--104},
}


@article{Sekine07,
  author          = {関根　紀子},
  title           = {高齢者における杖歩行時の歩数計測法の開発},
  journal         = {デサントスポーツ科学},
  volume          = {28},
  year            = {2007},
  pages           = {155--161},
}

@article{Neil10,
  author          = {N. Zhao},
  title           = {Full-Featured Pedometer Design Realized with 3-Axis Digital Accelerometer},
  journal         = {Analog Dialogue},
  volume          = {44},
  number          = {2},
  pages           = {17--21},
  year            = {2010}
}