@InProceedings{Quinlan96,
  author = "Quinlan,J.R.",
  title = "Boosting first-order learning",
  booktitle = "Proceedings of the 7th International Workshop on Algorithmic Learning Theory, Lecture Notes in Artificial Intelligence, No.1160",
  year = 1996,
  pages = "143--155"
}

@Article{Quinlan89,
  author = "Quinlan,J.R. and Rivest,R.L.",
  title = "Inferring Decision Trees Using the Minimum Descriptin Length Principle",
  journal = "Information and Computation",
  year = 1989,
  volume = 80,
  pages = "227--248"
}

@Book{Quinlan93,
  author = "Quinlan,J.R.",
  title = "C4.5: Programs for Machine Learning",
  publisher = "Morgan Kaufmann",
  year = 1993
}

@InCollection{Iba94,
  author = "Iba,H. and Garis,H. and Sato,T.",
  editor = "Kinnear,K.E.",
  title = "Genetic Programming Using a Minimum Descriotion Length Principle",
  booktitle = "Advances in Genetic Programming",
  publisher = "MIT Press",
  year = 1994,
  chapter = 12,
  pages = "265--284"
}

@MISC{C50,
  note = "http://rulequest.com/",
  key = "C50"
}

@InProceedings{Nakayama00,
  author = "中山 泰夫 and 大谷 紀子 and 志村 正道",
  yomi = "nakayama",
  title = "共生進化に基づく決定木の最適化に関する研究",
  booktitle = "第14回人工知能学会全国大会論文集",
  year = 2000,
  pages = "327--328"
}

@Article{Otani06,
  author = "大谷 紀子 and 貝原 巳樹雄 and 志村 正道",
  yomi = "Otani",
  title = "ポリマー判別のための2段階判別決定木",
  journal = "人工知能学会論文誌",
  year = 2006,
  volume = 21,
  number = 3,
  pages = "295--300"
}

@Book{Otani04,
  author = "大谷 紀子 and 志村 正道",
  yomi = "otani",
  title = "アルゴリズム入門",
  publisher = "コロナ社",
  year = 2004
}

@InCollection{Saino88,
  author = "斎野 亨",
  yomi = "saino",
  title = "勃興する``ニューロ・エンジニアリング''",
  booktitle = "ニュ−ロコンピュ−タ最前線：応用システムからＬＳＩチップまで",
  publisher = "日経ＢＰ社",
  year = 1988
}

@JMastersThesis{Ishibashi11,
  author = "石橋 太郎",
  yomi = "ishibashi",
  title = "ドクターヘリ運航管理支援に関する研究",
  school = "東京都市大学",
  year = 2011,
}

@JGraduateThesis{Ushijima11,
  author = "牛島 有希乃",
  yomi = "ushijima",
  title = "Webシステムによるドクターヘリ出動応対支援",
  school = "東京都市大学",
  year = 2011,
}

