@article{otani16,
  author    = {Otani,N. and Shirakawa,S. and Numao,M.},
  title     = {Design of Populations in Symbiotic Evolution to Generate Chord Progression in Consideration of the Entire Music Structure},
  booktitle = {Principles and Practice of Multi-Agent Systems,Lecture Notes in Computer Science,Vol.9935},
  year      = 2016,
  pages     = {143--154}
}

@jgraduatethesis{Shirakawa14,
  author = {白川 翔子},
  yomi   = {shirakawa},
  title  = {共生進化に基づく起承転結を考慮した和音進行生成},
  school = {東京都市大学},
  year   = 2014
}

\begin{thebibliography}{}

\bibitem[Otani 16]{otani16}
Otani,~N.~, Shirakawa,~S.~, and Numao,~M.~: Design of Populations in Symbiotic
  Evolution to Generate Chord Progression in Consideration of the Entire Music Structure, Principles and Practice of Multi-Agent Systems, Lecture Notes in Computer Science, Vol.9935
  Structure, pp. 143--154 (2016)

\bibitem[白川 14]{Shirakawa14}
白川~翔子：共生進化に基づく起承転結を考慮した和音進行生成, 卒業論文,
  東京都市大学 (2014)

\end{thebibliography}