@jgraduatethesis{okada20,
  author = {岡田　毅},
  yomi   = {okada},
  title  = {表情で駆け引きを仕掛けるポーカープレイングシステム},
  school = {東京都市大学},
  year   = 2020
}

@jgraduatethesis{hoshi17,
  author = {星　光彦},
  yomi   = {hoshi},
  title  = {ポーカーにおける表情認識による相手の手札推測に関するAIの研究},
  school = {東京工科大学},
  year   = 2017
}

@jgraduatethesis{tadokoro17,
  author = {田所　友洋},
  yomi   = {tadokoro},
  title  = {Kinectを用いた多数決機械に基づく自然な笑顔の判別システム},
  school = {東京都市大学},
  year   = 2017
}

@article{Sato19,
  author  = {Sato,W. and Minemoto,K. and Sylwia,H. and Yoshikawa,S.
  },
  title   = {Facial Expressions of Basic Emotions in Japanese Laypeople},
  journal = {Frontiers in Psychology},
  year    = 2019,
  volume  = 10,
  number  = 259
}

