@JGraduateThesis{Kurosawa10,
  author = "黒沢 愛",
  yomi = "kurosawa",
  title = "個別指導塾における講師担当割当支援システムの提案",
  school = "文教大学",
  year = 2010,
}