@JGraduateThesis{Sonja18,
  author = "Sonja,Hamhuis",
  title = "Progressive House: From Underground to the Big Room",
  booktitle = "Utrecht University Faculty of Humanities Theses",
  school="Utrecht University",
  year = 2018,
  pages = "4--8"
}

@Article{Hoshino84,
  author = "星野 悦子 and 阿部 純一",
  yomi = "Hoshino",
  title = "メロディ認知における“調性感”と終止音導出",
  journal = "心理学研究",
  year = 1984,
  volume = 54,
  number = 6,
  pages = "334--345"
}
