@article{Holland75,
  author = "Holland,J.H.",
  title = "Adaptation in Natural and Artificial System",
  journal = "The University of Michigan",
  year = "1975",
}

@InProceedings{miki07,
  author = "三木 光範 and 菅原 麻衣子 and 廣安 知之",
  yomi = "miki",
  title = "対話型遺伝的アルゴリズムを用いた浴衣のデザインシステム",
  booktitle = "人工知能学会第21回全国大会, 1E2-5,",
  year = 2007,
}
