@Book{Mizuno07,
  author = "水野 正敏",
  yomi = "mizuno",
  title = "水野式作曲メゾッド解体新書",
  publisher = "シンコーミュージック・エンタテイメント",
  year = 2007
}

@article{otani14,
author="大谷 紀子，白川 翔子，沼尾 正行",
title="共生進化に基づく起承転結を考慮した和音進行生成",
journal="人工知能学会第28回全国大会論文集",
number="1D3-5",
year=2014
}
